@book{20.500.11850/49146,
    author    = {Türker, Can and Saake, Gunter},
    publisher = {dpunkt},
    year      = {2006},
    language  = {de},
    size      = {552 S.},
    address   = {Heidelberg},
    isbn      = {3-89864-190-2},
    title     = {Objektrelationale Datenbanken. Ein Lehrbuch},
    note      = {.}
}

@book{kähler2013relationales,
    title     = {Relationales und objektrelationales SQL: Eine Einf{\"u}hrung in die Arbeit mit aktuellen ORACLE-Datenbanken},
    author    = {K{\"a}hler, W.M.},
    isbn      = {9783322938718},
    series    = {Ausbildung und Studium},
    url       = {https://books.google.de/books?id=PzGbBgAAQBAJ},
    year      = {2013},
    publisher = {Vieweg+Teubner Verlag}
}
